CHR	BP1	BP2	TYPE	geneID	aff
2	50539877	50730546	1	9378	1
2	51002576	51157742	1	9378	1
15	21190624	26203954	3	100033413;100033414;100033415;100033416;100033417;100033418;100033419;100033420;100033421;100033422;100033423;100033424;100033425;100033426;100033427;100033428;100033429;100033430;100033431;100033432;100033433;100033434;100033435;100033436;100033437;100033438;100033439;100033440;100033441;100033442;100033443;100033444;100033445;100033446;100033447;100033448;100033449;100033450;100033451;100033453;100033454;100033455;100033456;100033458;100033460;100033603;100033799;100033800;100033801;100033802;100033803;100033804;100033805;100033806;100033807;100033808;100033809;100033810;100033811;100033812;100033813;100033814;100033815;100033816;100033817;100033818;100033820;100033821;100033822;100036563;100036564;100036565;100036566;100036567;145624;23742;2558;2562;2567;338427;338428;338429;338433;347686;347745;347746;3653;4692;4948;54551;57194;6638;727708;7337;7681;791114;791115;8123;8924;8926;91380	1
9	98998	3682923	1	10655;157983;169522;1761;2298;23189;401491;55871;58524;5991;6595;7436;81704;9933	1
2	50990306	51222043	1	9378	1
2	50968208	51214171	1	9378	1
15	28705540	30436163	1	100288637;1139;161725;22909;406993;4308;51621;54893;89839	1
17	31621634	33323919	3	100422969;11056;11072;11276;26574;284098;284099;284100;31;388372;3975;414062;6349;654341;6871;6928;729877;79154;79893;79922;80179;84218;9326;9560	1
16	14960247	16307313	1	100302243;100422886;100422922;100422960;100423006;100500852;123803;123811;23042;255027;368;408050;4363;4629;54700;54820;619553;89927;9665	1
1	144482933	146325557	3	171423;200030;2330;2702;2703;51205;51463;5565;607;653519;728912;728932;728939;728989;9557	1
15	28450423	30303265	1	100288380;100288637;1139;161725;22909;406993;4308;51621;54893;89832;89838;89839	1
22	17257787	19793730	3	100302118;100302197;100500860;100526833;10587;113691;128977;128989;1312;1399;150185;150197;150209;23617;25786;25787;26220;26222;266697;27037;2812;2928;29801;3053;400891;400892;406961;421;439931;440799;51586;5297;5413;54487;54584;5625;5902;64976;65078;6545;6576;6899;7122;728229;728233;7290;7353;7625;79680;80764;8214;8216;8218;8220;8318;84222;84861;85359;85376;91179;9127;9342;9993	1
2	50037898	50407550	1	9378	1
22	49470371	49567383	1	11158;284942;49;85358	1
22	17257787	18697772	1	100302118;100302197;100500860;100526833;10587;128977;128989;1312;150185;150197;23617;25786;25787;26220;26222;27037;2812;2928;29801;406961;421;5413;54487;54584;5625;5902;64976;65078;6576;6899;7122;7290;7353;79680;8214;8218;8220;8318;85359;9993	1
2	51076611	51147600	1	9378	1
15	20274130	26120360	3	100033413;100033414;100033415;100033416;100033417;100033418;100033419;100033420;100033421;100033422;100033423;100033424;100033425;100033426;100033427;100033428;100033429;100033430;100033431;100033432;100033433;100033434;100033435;100033436;100033437;100033438;100033439;100033440;100033441;100033442;100033443;100033444;100033445;100033446;100033447;100033448;100033449;100033450;100033451;100033453;100033454;100033455;100033456;100033458;100033460;100033603;100033799;100033800;100033801;100033802;100033803;100033804;100033805;100033806;100033807;100033808;100033809;100033810;100033811;100033812;100033813;100033814;100033815;100033816;100033817;100033818;100033820;100033821;100033822;100036563;100036564;100036565;100036566;100036567;100132101;114791;123606;145624;23191;23742;2558;2562;2567;283767;283796;338427;338428;338429;338433;339005;347686;347745;347746;3653;390535;400322;4692;4948;54551;57194;6638;727708;7337;7681;791114;791115;8123;81614;8924;8926;91380	1
15	28714502	30303265	1	100288637;1139;161725;22909;406993;4308;51621;54893;89839	1
15	26762141	30436163	1	100288380;100288637;100289656;1139;161725;22909;23359;26082;321;406993;4308;440253;51621;54893;56160;646278;653075;7082;89832;89837;89838;89839	1
15	20203578	26209270	3	100033413;100033414;100033415;100033416;100033417;100033418;100033419;100033420;100033421;100033422;100033423;100033424;100033425;100033426;100033427;100033428;100033429;100033430;100033431;100033432;100033433;100033434;100033435;100033436;100033437;100033438;100033439;100033440;100033441;100033442;100033443;100033444;100033445;100033446;100033447;100033448;100033449;100033450;100033451;100033453;100033454;100033455;100033456;100033458;100033460;100033603;100033799;100033800;100033801;100033802;100033803;100033804;100033805;100033806;100033807;100033808;100033809;100033810;100033811;100033812;100033813;100033814;100033815;100033816;100033817;100033818;100033820;100033821;100033822;100036563;100036564;100036565;100036566;100036567;100132101;100132979;114791;123606;145624;23191;23742;2558;2562;2567;283767;283796;338427;338428;338429;338433;339005;347686;347745;347746;3653;390535;400322;4692;4948;54551;57194;6638;727708;7337;7681;791114;791115;8123;81614;8924;8926;91380	1
16	29502984	30107306	1	100271831;10423;11151;112476;124446;146378;226;23475;253980;253982;26470;283897;283899;4150;440356;5531;5595;653808;6693;6911;79153;79447;81893;83719;83723;8448;8479;9344;9961	1
16	29554843	30130862	1	100271831;100526830;100526831;10423;11151;112476;124446;146378;226;23475;253980;253982;26470;283897;283899;388242;4150;440356;445329;548593;552900;5531;5595;606724;613038;653808;654483;6693;6818;6911;79008;79153;79447;83719;83723;8448;8479;9344;9961	1
15	18811937	26209270	3	100033413;100033414;100033415;100033416;100033417;100033418;100033419;100033420;100033421;100033422;100033423;100033424;100033425;100033426;100033427;100033428;100033429;100033430;100033431;100033432;100033433;100033434;100033435;100033436;100033437;100033438;100033439;100033440;100033441;100033442;100033443;100033444;100033445;100033446;100033447;100033448;100033449;100033450;100033451;100033453;100033454;100033455;100033456;100033458;100033460;100033603;100033799;100033800;100033801;100033802;100033803;100033804;100033805;100033806;100033807;100033808;100033809;100033810;100033811;100033812;100033813;100033814;100033815;100033816;100033817;100033818;100033820;100033821;100033822;100036563;100036564;100036565;100036566;100036567;100132101;100132979;114791;123606;145624;23191;23742;2558;2562;2567;283694;283755;283767;283796;338427;338428;338429;338433;339005;339010;347686;347745;347746;3653;390535;390538;390539;400322;440225;4692;4948;54551;57194;606;646214;646243;646396;6638;727708;727832;727924;729786;7337;7681;791114;791115;8123;81614;8924;8926;91380	1
22	45159185	49582267	1	100144603;100422916;11158;1120;113730;1375;1890;23151;23209;23542;23654;23774;25771;25817;284942;29781;348645;386593;400932;400935;410;414918;415116;440836;49;54456;55586;5600;56666;6300;6305;644186;64781;79087;79174;79924;80305;83642;83933;85358;85378;90834;91289;9620;9701;9889;9997	1
16	29466569	30147029	1	100271831;100526830;100526831;10423;11151;112476;124446;146378;226;23475;253980;253982;26470;283897;283899;388242;4150;440354;440356;445329;548593;552900;5531;5595;606724;613037;613038;653808;654483;6693;6818;6911;79008;79153;79447;81893;83719;83723;8448;8479;9344;9961	1
17	17169258	20101517	1	100302256;10400;10517;10743;10750;11216;125170;125206;140771;140775;146691;146802;147166;1819;218;220594;224;22905;2310;2314;254272;27077;284047;339240;3996;400581;4239;51030;51168;51655;54890;55090;55244;5598;5636;56953;644815;645027;6470;654346;6720;677882;677885;693120;7156;729288;7732;79018;80039;83450;91647;92521;9706	1
X	32100618	32315937	3	1756	1
22	17257787	19793730	3	100302118;100302197;100500860;100526833;10587;113691;128977;128989;1312;1399;150185;150197;150209;23617;25786;25787;26220;26222;266697;27037;2812;2928;29801;3053;400891;400892;406961;421;439931;440799;51586;5297;5413;54487;54584;5625;5902;64976;65078;6545;6576;6899;7122;728229;728233;7290;7353;7625;79680;80764;8214;8216;8218;8220;8318;84222;84861;85359;85376;91179;9127;9342;9993	1
22	17241748	19819918	1	100302118;100302197;100500860;100526833;10587;113691;128977;128989;1312;1399;150185;150197;150209;23617;25786;25787;26220;26222;266697;27037;2812;2928;29801;3053;400891;400892;406961;421;439931;440799;51586;5297;5413;54487;54584;5625;5902;64976;65078;6545;6576;6899;7122;728229;728233;7290;7353;7625;79680;80764;8214;8216;8218;8220;8318;84222;84861;85359;85376;91179;9127;9342;9993	1
16	29502984	30127026	3	100271831;100526830;100526831;10423;11151;112476;124446;146378;226;23475;253980;253982;26470;283897;283899;388242;4150;440356;445329;548593;552900;5531;5595;606724;613038;653808;654483;6693;6818;6911;79008;79153;79447;81893;83719;83723;8448;8479;9344;9961	1
17	17156307	18262979	1	10400;10743;125170;140771;140775;146691;1819;2314;3996;51168;51655;54890;55090;56953;645027;6470;6720;693120;7156;79018;83450;91647	1
16	14808871	16215852	1	100302243;100422836;100422870;100422886;100422922;100422956;100422960;100423006;100500852;123803;123811;23042;23420;255027;368;4363;4629;54700;54820;619553;730013;89927;9284;9665	1
16	29499858	30107306	3	100271831;10423;11151;112476;124446;146378;226;23475;253980;253982;26470;283897;283899;4150;440356;5531;5595;653808;6693;6911;79153;79447;81893;83719;83723;8448;8479;9344;9961	1
16	29554843	30107306	3	100271831;10423;11151;112476;124446;146378;226;23475;253980;253982;26470;283897;283899;4150;440356;5531;5595;653808;6693;6911;79153;79447;83719;83723;8448;8479;9344;9961	1
22	17257787	19795780	3	100302118;100302197;100500860;100526833;10587;113691;128977;128989;1312;1399;150185;150197;150209;23617;25786;25787;26220;26222;266697;27037;2812;2928;29801;3053;400891;400892;406961;421;439931;440799;51586;5297;5413;54487;54584;5625;5902;64976;65078;6545;6576;6899;7122;728229;728233;7290;7353;7625;79680;80764;8214;8216;8218;8220;8318;84222;84861;85359;85376;91179;9127;9342;9993	1
1	144967972	146317915	3	171423;200030;2330;2702;2703;51205;51463;5565;607;728912;728932;728939;728989;9557	1
16	29502984	30127026	1	100271831;100526830;100526831;10423;11151;112476;124446;146378;226;23475;253980;253982;26470;283897;283899;388242;4150;440356;445329;548593;552900;5531;5595;606724;613038;653808;654483;6693;6818;6911;79008;79153;79447;81893;83719;83723;8448;8479;9344;9961	1
X	32948977	33330592	3	1756	1
11	70154458	70220632	1	22941	1
22	17257787	19795780	3	100302118;100302197;100500860;100526833;10587;113691;128977;128989;1312;1399;150185;150197;150209;23617;25786;25787;26220;26222;266697;27037;2812;2928;29801;3053;400891;400892;406961;421;439931;440799;51586;5297;5413;54487;54584;5625;5902;64976;65078;6545;6576;6899;7122;728229;728233;7290;7353;7625;79680;80764;8214;8216;8218;8220;8318;84222;84861;85359;85376;91179;9127;9342;9993	1
16	29502984	30210849	3	100271831;100526830;100526831;10423;11151;112476;124446;146378;226;23475;253980;253982;26470;283897;283899;388242;4150;440354;440356;445329;548593;552900;5531;5595;595101;606724;613037;613038;653808;654483;6693;6818;6911;79008;79153;79447;81893;83719;83723;8448;8479;9344;9961	1
6	33399849	33512042	1	3833;51596;5252;8831	1
16	29554843	30195224	1	100271831;100526830;100526831;10423;11151;112476;124446;146378;226;23475;253980;253982;26470;283897;283899;388242;4150;440354;440356;445329;548593;552900;5531;5595;595101;606724;613037;613038;653808;654483;6693;6818;6911;79008;79153;79447;83719;83723;8448;8479;9344;9961	1
15	82722026	83529838	1	100506874;23478;374650;388165;440299;4828;5151;54581;54993;57538;84942;9154;9640	1
12	54218922	58779615	3	100130776;100302201;100506844;100528022;10102;10106;1017;1019;10193;10220;10330;10540;10677;10728;10956;11176;11247;11318;114785;115557;116986;121130;121214;121227;140465;1431;1594;1606;1649;196403;196410;2065;22864;23306;23344;246329;2583;25895;2647;26789;27165;2735;283373;283375;283377;29095;319;341418;3626;3679;3798;4035;407016;4141;4234;4284;4327;440104;4637;4640;4665;4666;5036;506;51561;5557;56901;5869;5939;5959;6171;6231;6302;64333;64375;6472;6490;65012;6601;6773;6778;6821;6866;692090;79035;79837;83729;84305;84324;84872;85406;8608;8630;8914;91419;9194;92979;93058;967;9880;9924	1
22	47996161	49512530	1	100144603;1120;113730;1375;1890;23209;23542;23654;23774;29781;348645;386593;400935;410;414918;415116;440836;54456;55586;5600;56666;6300;6305;644186;79087;79174;79924;80305;83642;83933;85358;85378;90834;91289;9701;9889;9997	1
11	126633939	132060374	1	11095;120224;170689;2113;219833;2313;29068;334;3758;3762;399979;440072;4798;4978;50863;56980;63970;6768;8538;9743	1
11	70119917	70187872	1	22941	1
11	70077507	70506315	1	100500844;22941	1
15	21168391	26217954	3	100033413;100033414;100033415;100033416;100033417;100033418;100033419;100033420;100033421;100033422;100033423;100033424;100033425;100033426;100033427;100033428;100033429;100033430;100033431;100033432;100033433;100033434;100033435;100033436;100033437;100033438;100033439;100033440;100033441;100033442;100033443;100033444;100033445;100033446;100033447;100033448;100033449;100033450;100033451;100033453;100033454;100033455;100033456;100033458;100033460;100033603;100033799;100033800;100033801;100033802;100033803;100033804;100033805;100033806;100033807;100033808;100033809;100033810;100033811;100033812;100033813;100033814;100033815;100033816;100033817;100033818;100033820;100033821;100033822;100036563;100036564;100036565;100036566;100036567;145624;23742;2558;2562;2567;338427;338428;338429;338433;347686;347745;347746;3653;4692;4948;54551;57194;6638;727708;7337;7681;791114;791115;8123;8924;8926;91380	1
7	72344426	73782113	1	100422948;114049;135886;135892;1364;1365;155368;155382;171022;2006;26608;2969;3984;51085;55695;5982;6804;693175;7458;7461;7462;8326;83451;84277;8468;9031;9275;9569	1
10	45633089	51564756	1	100132929;100133093;100422895;10431|100287932;1103;118461;118738;119016;143162;1517;170370;170371;195977;196740;2074;244;26095;2658;2662;267004;282966;326332;387680;399753;399761;414189;414241;439965;4477;474354;5540;55747;55753;5599;57705;58504;5949;642517;642826;643650;644054;644168;653129;653145;653268;6572;728053;728113;728404;728407;728643;728798;8031;83849;8505;9721	1
22	17257787	19793730	3	100302118;100302197;100500860;100526833;10587;113691;128977;128989;1312;1399;150185;150197;150209;23617;25786;25787;26220;26222;266697;27037;2812;2928;29801;3053;400891;400892;406961;421;439931;440799;51586;5297;5413;54487;54584;5625;5902;64976;65078;6545;6576;6899;7122;728229;728233;7290;7353;7625;79680;80764;8214;8216;8218;8220;8318;84222;84861;85359;85376;91179;9127;9342;9993	1
15	19800798	26209270	3	100033413;100033414;100033415;100033416;100033417;100033418;100033419;100033420;100033421;100033422;100033423;100033424;100033425;100033426;100033427;100033428;100033429;100033430;100033431;100033432;100033433;100033434;100033435;100033436;100033437;100033438;100033439;100033440;100033441;100033442;100033443;100033444;100033445;100033446;100033447;100033448;100033449;100033450;100033451;100033453;100033454;100033455;100033456;100033458;100033460;100033603;100033799;100033800;100033801;100033802;100033803;100033804;100033805;100033806;100033807;100033808;100033809;100033810;100033811;100033812;100033813;100033814;100033815;100033816;100033817;100033818;100033820;100033821;100033822;100036563;100036564;100036565;100036566;100036567;100132101;100132979;114791;123606;145624;23191;23742;2558;2562;2567;283694;283767;283796;338427;338428;338429;338433;339005;347686;347745;347746;3653;390535;390538;390539;400322;4692;4948;54551;57194;646396;6638;727708;727924;7337;7681;791114;791115;8123;81614;8924;8926;91380	1
1	144500467	146377870	1	100130000;171423;200030;2330;2702;2703;388685;51205;51463;5565;607;653519;728912;728932;728939;728989;9557	1
1	98175622	100923952	1	100129620;127495;1629;163404;163786;178;23443;391059;406928;51375;54112;54482;54873;64645;693138;8556;8634;9890	1
